<record xmlns="http://www.loc.gov/MARC21/slim" xmlns:xsi="http://www.w3.org/2001/XMLSchema-instance" xsi:schemaLocation="http://www.loc.gov/MARC21/slim http://www.loc.gov/standards/marcxml/schema/MARC21slim.xsd"><leader>02339nam a2200433   4500</leader><controlfield tag="001">001696911</controlfield><controlfield tag="003">NNU</controlfield><controlfield tag="006">m        d        </controlfield><controlfield tag="007">cr cn |||m|||a</controlfield><controlfield tag="008">150116s1949    le h    ob    001 0 ara d</controlfield><datafield ind1=" " ind2=" " tag="040"><subfield code="a">NNU</subfield><subfield code="b">eng</subfield><subfield code="c">NNU</subfield></datafield><datafield ind1=" " ind2=" " tag="066"><subfield code="c">(3</subfield></datafield><datafield ind1=" " ind2=" " tag="090"><subfield code="a">PJ7765</subfield><subfield code="b">.N5 1949</subfield></datafield><datafield ind1="0" ind2=" " tag="100"><subfield code="6">880-01</subfield><subfield code="a">Niq&#363;l&#257; ibn Y&#363;suf al-Turk,</subfield><subfield code="d">1763-1828</subfield></datafield><datafield ind1="1" ind2="0" tag="240"><subfield code="6">880-02</subfield><subfield code="a">Poems</subfield></datafield><datafield ind1="1" ind2="0" tag="245"><subfield code="6">880-03</subfield><subfield code="a">D&#299;w&#257;n al-Mu&#699;allim Niq&#363;l&#257; al-Turk</subfield><subfield code="h">[electronic resource] /</subfield><subfield code="c">&#7693;abata nu&#7779;&#363;&#7779;uh wa-wa&#7693;a&#699;a muqaddimatuh wa-fah&#257;risahu Fu&#700;&#257;d Afr&#257;m al-Bust&#257;n&#299;.</subfield></datafield><datafield ind1="1" ind2="5" tag="246"><subfield code="a">Diwan de Nicholas at-Turk</subfield></datafield><datafield ind1=" " ind2=" " tag="260"><subfield code="6">880-04</subfield><subfield code="a">Bayr&#363;t :</subfield><subfield code="b">al-Ma&#7789;ba&#699;ah a-K&#257;th&#363;l&#299;k&#299;yah,</subfield><subfield code="c">1949.</subfield></datafield><datafield ind1=" " ind2=" " tag="300"><subfield code="a">online resource (16, 488, viii p.) :</subfield><subfield code="b">facsims.</subfield></datafield><datafield ind1="1" ind2=" " tag="490"><subfield code="6">880-05</subfield><subfield code="a">Nu&#7779;&#363;&#7779; wa-wath&#257;&#700;iq t&#257;r&#299;kh&#299;yah ;</subfield><subfield code="v">1</subfield></datafield><datafield ind1=" " ind2=" " tag="500"><subfield code="a">Title on added t.p.: Diwan de Nicholas at-Turk, Texte inedit publi&#233; avec notes, introduction et tables par Fouad E. Boustany.</subfield></datafield><datafield ind1=" " ind2=" " tag="500"><subfield code="a">Part of the Arabic Collections Online (ACO) project, contributed by New York Univeristy Libraries.</subfield></datafield><datafield ind1=" " ind2=" " tag="504"><subfield code="a">Includes bibliographical references and indexes.</subfield></datafield><datafield ind1=" " ind2=" " tag="533"><subfield code="a">Electronic reproduction.</subfield><subfield code="b">New York, N.Y. :</subfield><subfield code="c">New York University,</subfield><subfield code="d">2015.</subfield><subfield code="5">NNU</subfield></datafield><datafield ind1="1" ind2=" " tag="700"><subfield code="6">880-06</subfield><subfield code="a">Bust&#257;n&#299;, Fu&#700;&#257;d Afr&#257;m</subfield></datafield><datafield ind1="2" ind2=" " tag="710"><subfield code="a">New York University.</subfield><subfield code="b">Libraries.</subfield></datafield><datafield ind1="0" ind2=" " tag="730"><subfield code="a">Arabic Collections Online.</subfield></datafield><datafield ind1="0" ind2="8" tag="776"><subfield code="i">Print version:</subfield><subfield code="a">Niq&#363;l&#257; ibn Y&#363;suf al-Turk, 1763-1828 880-01</subfield><subfield code="t">D&#299;w&#257;n al-Mu&#699;allim Niq&#363;l&#257; al-Turk</subfield><subfield code="w">(NNU)001696911</subfield><subfield code="w">(DLC)59542540</subfield></datafield><datafield ind1="4" ind2="0" tag="856"><subfield code="u">http://hdl.handle.net/2333.1/1c59zxtr</subfield></datafield><datafield ind1="1" ind2=" " tag="880"><subfield code="6">100-01/</subfield><subfield code="a">&#1578;&#1585;&#1603;&#1548; &#1606;&#1610;&#1602;&#1608;&#1604;&#1575;.</subfield></datafield><datafield ind1="1" ind2="0" tag="880"><subfield code="6">240-02/</subfield><subfield code="a">&#1571;&#1588;&#1593;&#1575;&#1585;</subfield></datafield><datafield ind1="1" ind2="0" tag="880"><subfield code="6">245-03/</subfield><subfield code="a">&#1583;&#1610;&#1608;&#1575;&#1606; &#1575;&#1604;&#1605;&#1593;&#1604;&#1605; &#1606;&#1602;&#1608;&#1604;&#1575; &#1575;&#1604;&#1578;&#1585;&#1603; /</subfield><subfield code="c">&#1590;&#1576;&#1591; &#1606;&#1589;&#1608;&#1589;&#1607; &#1608;&#1608;&#1590;&#1593; &#1605;&#1602;&#1583;&#1605;&#1578;&#1607; &#1608;&#1601;&#1607;&#1575;&#1585;&#1587;&#1607; &#1601;&#1572;&#1575;&#1583; &#1571;&#1601;&#1585;&#1575;&#1605; &#1575;&#1604;&#1576;&#1587;&#1578;&#1575;&#1606;&#1610;.</subfield></datafield><datafield ind1=" " ind2=" " tag="880"><subfield code="6">260-04/</subfield><subfield code="a">&#1576;&#1610;&#1585;&#1608;&#1578; :</subfield><subfield code="b">&#1575;&#1604;&#1605;&#1591;&#1576;&#1593;&#1577; &#1575;&#1604;&#1603;&#1575;&#1579;&#1608;&#1604;&#1610;&#1603;&#1610;&#1577;&#1548;</subfield><subfield code="c">&#1633;&#1641;&#1636;&#1641;.</subfield></datafield><datafield ind1="1" ind2=" " tag="880"><subfield code="6">490-05/</subfield><subfield code="a">&#1606;&#1589;&#1608;&#1589; &#1608;&#1608;&#1579;&#1575;&#1574;&#1602; &#1578;&#1575;&#1585;&#1610;&#1582;&#1610;&#1577; &#1563;</subfield><subfield code="v">&#1633;</subfield></datafield><datafield ind1="1" ind2=" " tag="880"><subfield code="6">700-06/</subfield><subfield code="a">&#1576;&#1587;&#1578;&#1575;&#1606;&#1610;&#1548; &#1601;&#1572;&#1575;&#1583; &#1571;&#1601;&#1585;&#1575;&#1605;.</subfield></datafield><datafield ind1="1" ind2=" " tag="810"><subfield code="6">880-07</subfield><subfield code="a">Lubna&#772;n.</subfield><subfield code="b">Mudi&#772;ri&#772;yat al-A&#772;tha&#772;r.</subfield><subfield code="t">Nus&#803;u&#772;s&#803; wa-watha&#772;&#700;iq ta&#772;ri&#772;khi&#772;yah ;</subfield><subfield code="v">1.</subfield></datafield><datafield ind1="1" ind2=" " tag="880"><subfield code="6">810-07/</subfield><subfield code="a">&#1604;&#1576;&#1606;&#1575;&#1606;.</subfield><subfield code="b">&#1605;&#1583;&#1610;&#1585;&#1610;&#1577; &#1575;&#1604;&#1575;&#1579;&#1575;&#1585;.</subfield><subfield code="t">&#1606;&#1589;&#1608;&#1589; &#1608;&#1608;&#1579;&#1575;&#1574;&#1602; &#1578;&#1575;&#1585;&#1610;&#1582;&#1610;&#1577; &#1563;</subfield><subfield code="v">1.</subfield></datafield><datafield ind1=" " ind2=" " tag="959"><subfield code="a">NNU</subfield><subfield code="b">WEB</subfield><subfield code="c">GENI</subfield><subfield code="t">0</subfield><subfield code="m">Electronic access</subfield><subfield code="s">01</subfield></datafield><datafield ind1=" " ind2=" " tag="999"><subfield code="i">NNU_001696911</subfield><subfield code="o" /><subfield code="e">(ERROR-880)</subfield></datafield></record>